<?xml version="1.0" encoding="UTF-8"?>
<SOAP-ENV:Envelope xmlns:SOAP-ENV="http://schemas.xmlsoap.org/soap/envelope/" xmlns:of="http://oss.dbc.dk/ns/openformat" xmlns:ofo="http://oss.dbc.dk/ns/openformatoutput"><SOAP-ENV:Body><of:formatResponse><marc21><mx:record xmlns:mx="http://www.loc.gov/MARC21/slim" format="MARC21" type="Bibliographic"><mx:leader>00000cam a22000004c 4500</mx:leader><mx:controlfield tag="008">050110s2003    ||||||||      00||| ita|d</mx:controlfield><mx:datafield ind1="1" ind2=" " tag="029"><mx:subfield code="a">DKDLA</mx:subfield><mx:subfield code="b">820010-katalog:2692321</mx:subfield></mx:datafield><mx:datafield ind1=" " ind2=" " tag="040"><mx:subfield code="a">DKDLA</mx:subfield><mx:subfield code="b">dan</mx:subfield><mx:subfield code="c">DKDLA</mx:subfield></mx:datafield><mx:datafield ind1="1" ind2="0" tag="245"><mx:subfield code="a">Le ceramiche impresse nel Neolitico Antico:</mx:subfield><mx:subfield code="b">Italia e Mediterraneo/</mx:subfield><mx:subfield code="c">a cura di M. A. Fugazzola Delpino, A. Pessina, V. Tiné</mx:subfield></mx:datafield><mx:datafield ind1=" " ind2=" " tag="260"><mx:subfield code="a">Roma :</mx:subfield><mx:subfield code="b">Istituto Poligrafico e Zecca dello Stato,</mx:subfield><mx:subfield code="c">2003</mx:subfield></mx:datafield><mx:datafield ind1=" " ind2=" " tag="300"><mx:subfield code="a">832 s. :</mx:subfield><mx:subfield code="b">ill.</mx:subfield></mx:datafield><mx:datafield ind1="1" ind2=" " tag="490"><mx:subfield code="a">Studi di Paletnologia ,</mx:subfield><mx:subfield code="x">0392-5250 ;</mx:subfield><mx:subfield code="v">I</mx:subfield></mx:datafield><mx:datafield ind1=" " ind2=" " tag="500"><mx:subfield code="a">Øverst på titelbladet : Ministero per i Beni e la Attività Culturali</mx:subfield></mx:datafield><mx:datafield ind1=" " ind2=" " tag="500"><mx:subfield code="a">Øverst på titelbladet : Soprintendenza speciale al Museo Nazionale Prehistorico Etnografico "L. Pigorini"</mx:subfield></mx:datafield><mx:datafield ind1="1" ind2=" " tag="700"><mx:subfield code="a">Delpino, M. A. Fugazzola</mx:subfield></mx:datafield><mx:datafield ind1="1" ind2=" " tag="700"><mx:subfield code="a">Pessina, A.</mx:subfield></mx:datafield><mx:datafield ind1="1" ind2=" " tag="700"><mx:subfield code="a">Tinè, V.</mx:subfield></mx:datafield><mx:datafield ind1="1" ind2=" " tag="710"><mx:subfield code="a">Italy.</mx:subfield><mx:subfield code="b">Ministero per i beni e le attività culturali</mx:subfield></mx:datafield><mx:datafield ind1=" " ind2="0" tag="830"><mx:subfield code="a">Studi di Paletnologia ,</mx:subfield><mx:subfield code="x">0392-5250 ;</mx:subfield><mx:subfield code="v">I</mx:subfield></mx:datafield></mx:record><hs activity="insert">DKDLA</hs><hs activity="insert">DKB</hs></marc21></of:formatResponse></SOAP-ENV:Body></SOAP-ENV:Envelope>
